@online{UART,
  title   = {UART: A Hardware Communication Protocol Understanding Universal Asynchronous Receiver/Transmitter },
  author  = {Eric Pe≈àa and Mary Grace Legaspi},
  date    = {2023-04-08},
  year    = {2023},
  url     = {https://www.analog.com/en/analog-dialogue/articles/uart-a-hardware-communication-protocol.html},
  urldate = {2023-04-08}
}