@book{alma99115597102346,
  publisher = {Newner, an imprint of Elsevier},
  title     = {The definitive guide to ARM Cortex-M0 and Cortex-M0+ processors },
  year      = {2015 - 2015},
  abstract  = {The Definitive Guide to the ARM® Cortex®-M0 and Cortex-M0+ Processors, Second Edition explains the architectures underneath ARM's Cortex-M0 and Cortex-M0+ processors and their programming techniques.    Written by ARM's Senior Embedded Technology Manager, Joseph Yiu, the book is packed with examples on how to use the features in the Cortex-M0 and Cortex-M0+ processors. It provides detailed information on the instruction set architecture, how to use a number of popular development suites, an overview of the software development flow, and information on how to locate problems in the program co},
  author    = {Joseph Yiu},
  address   = {Waltham, Massachusetts},
  booktitle = {The definitive guide to ARM Cortex-M0 and Cortex-M0+ processors},
  edition   = {2nd ed.},
  isbn      = {0-12-803278-2},
  keywords  = {Embedded computer systems},
  language  = {eng}
}

@misc{amba,
  title     = {What is Amba?},
  url       = {https://community.arm.com/arm-community-blogs/b/architectures-and-processors-blog/posts/what-is-amba},
  journal   = {Architectures and Processors blog - Arm Community blogs - Arm Community},
  publisher = {ARM},
  author    = {Walshe, Ben},
  year      = {2014},
  month     = {Dec},
  urldate   = {2023-05-15}
}

@misc{Corelis,
  title   = {JTAG Test Overview},
  url     = {https://www.corelis.com/education/tutorials/jtag-tutorial/jtag-test-overview/},
  journal = {Corelis},
  author  = {},
  year    = {2022},
  month   = {Nov},
  urldate = {2023-05-15}
}

@book{dally,
  place     = {Cambridge},
  title     = {Digital Design using VHDL A Systems Approach},
  publisher = {Cambridge University Press},
  author    = {Dally, William J. and Harting, R. Curtis and Aamodt, Tor M.},
  year      = {2016}
} 

@inproceedings{ham,
  author = {Sani, Usman and Shanono, Ibrahim},
  year   = {2015},
  month  = {09},
  pages  = {},
  title  = {Design of (7, 4) Hamming Encoder and Decoder Using VHDL.}
} 

@book{hamming,
  edition   = {3rd ed. / John R. Barry, Edward A. Lee, David G. Messerschmitt.},
  isbn      = {0792375483},
  keywords  = {Digital communications},
  language  = {eng},
  publisher = {Kluwer Academic},
  title     = {Digital communication.},
  year      = {2004},
  author    = {Barry, John R.},
  address   = {Boston, Mass. ;}
} 


@misc{jtag,
  title   = {JTAG: An introduction},
  url     = {https://www.embedded.com/introduction-to-jtag/},
  journal = {Embedded.com},
  author  = {Oshana, Rob},
  year    = {2023},
  month   = {Jan},
  urldate = {2023-05-15}
} 

@misc{jtag_tutorial,
  title   = {Tutorial: The role of JTAG in system debug and test throughout the Embedded System Development Lifecycle},
  url     = {https://www.embedded.com/tutorial-the-role-of-jtag-in-system-debug-test-throughout-the-embedded-system-development-lifecycle/},
  journal = {Embedded.com},
  author  = {Pittroff, Lyle},
  year    = {2008},
  month   = {Oct},
  urldate = {2023-05-15}
}

@book{wakerly1990digital,
  title     = {Digital Design: Principles and Practices},
  author    = {Wakerly, J.F.},
  isbn      = {9780132128384},
  lccn      = {89026498},
  series    = {Prentice Hall Signal Processing Series},
  url       = {https://books.google.co.uk/books?id=1dfA6kNX7-UC},
  year      = {1990},
  publisher = {Prentice Hall}
}