 @book{dally,
  place     = {Cambridge},
  title     = {Digital Design using VHDL A Systems Approach},
  publisher = {Cambridge University Press},
  author    = {Dally, William J. and Harting, R. Curtis and Aamodt, Tor M.},
  year      = {2016}
}

@book{smith1997application,
  title     = {Application-specific Integrated Circuits},
  author    = {Smith, M.J.S.},
  isbn      = {9780201500226},
  lccn      = {93032538},
  series    = {Addison-Wesley VLSI systems series},
  url       = {https://books.google.co.uk/books?id=3hxTAAAAMAAJ},
  year      = {1997},
  publisher = {Addison-Wesley}
}